@inproceedings{fang2011enacq,
  title={EnAcq: energy-efficient GPS trajectory data acquisition based on improved map matching},
  author={Fang, Shunkai and Zimmermann, Roger},
  booktitle={Proceedings of the 19th ACM SIGSPATIAL International Conference on Advances in Geographic Information Systems},
  pages={221--230},
  year={2011},
  organization={ACM}
}

@inproceedings{thiagarajan2009vtrack,
  title={VTrack: accurate, energy-aware road traffic delay estimation using mobile phones},
  author={Thiagarajan, Arvind and Ravindranath, Lenin and LaCurts, Katrina and Madden, Samuel and Balakrishnan, Hari and Toledo, Sivan and Eriksson, Jakob},
  booktitle={Proceedings of the 7th ACM Conference on Embedded Networked Sensor Systems},
  pages={85--98},
  year={2009},
  organization={ACM}
}

@inproceedings{thiagarajan2010cooperative,
  title={Cooperative transit tracking using smart-phones},
  author={Thiagarajan, Arvind and Biagioni, James and Gerlich, Tomas and Eriksson, Jakob},
  booktitle={Proceedings of the 8th ACM Conference on Embedded Networked Sensor Systems},
  pages={85--98},
  year={2010},
  organization={ACM}
}

@article{kim2001adaptive,
  title={Adaptive fuzzy-network-based C-measure map-matching algorithm for car navigation system},
  author={Kim, Sinn and Kim, Jong-Hwan},
  journal={Industrial Electronics, IEEE Transactions on},
  volume={48},
  number={2},
  pages={432--441},
  year={2001},
  publisher={IEEE}
}

@inproceedings{eisner2011algorithms,
  title={Algorithms for Matching and Predicting Trajectories.},
  author={Eisner, Jochen and Funke, Stefan and Herbst, Andre and Spillner, Andreas and Storandt, Sabine},
  booktitle={ALENEX},
  pages={84--95},
  year={2011}
}

@inproceedings{chen2011approximate,
  title={Approximate Map Matching with respect to the Fr{\'e}chet Distance.},
  author={Chen, Daniel and Driemel, Anne and Guibas, Leonidas J and Nguyen, Andy and Wenk, Carola},
  booktitle={ALENEX},
  pages={75--83},
  year={2011}
}

@article{quddus2006high,
  title={A high accuracy fuzzy logic based map matching algorithm for road transport},
  author={Quddus, Mohammed A and Noland, Robert B and Ochieng, Washington Y},
  journal={Journal of Intelligent Transportation Systems},
  volume={10},
  number={3},
  pages={103--115},
  year={2006},
  publisher={Taylor \& Francis Group}
}

@inproceedings{newson2009hidden,
  title={Hidden Markov map matching through noise and sparseness},
  author={Newson, Paul and Krumm, John},
  booktitle={Proceedings of the 17th ACM SIGSPATIAL International Conference on Advances in Geographic Information Systems},
  pages={336--343},
  year={2009},
  organization={ACM}
}

@article{ochieng2009map,
  title={Map-matching in complex urban road networks},
  author={Ochieng, Washington Y and Quddus, M and Noland, Robert B},
  journal={Revista Brasileira de Cartografia},
  volume={2},
  number={55},
  year={2009}
}

@inproceedings{yuan2010interactive,
  title={An interactive-voting based map matching algorithm},
  author={Yuan, Jing and Zheng, Yu and Zhang, Chengyang and Xie, Xing and Sun, Guang-Zhong},
  booktitle={Proceedings of the 2010 Eleventh International Conference on Mobile Data Management},
  pages={43--52},
  year={2010},
  organization={IEEE Computer Society}
}

@article{sakic2012map,
  title={Map-Matching Algorithms for Android Applications},
  author={Sakic, Ermin},
  year={2012}
}

@inproceedings{lou2009map,
  title={Map-matching for low-sampling-rate GPS trajectories},
  author={Lou, Yin and Zhang, Chengyang and Zheng, Yu and Xie, Xing and Wang, Wei and Huang, Yan},
  booktitle={Proceedings of the 17th ACM SIGSPATIAL International Conference on Advances in Geographic Information Systems},
  pages={352--361},
  year={2009},
  organization={ACM}
}

@article{yu2006improved,
  title={Improved positioning of land vehicle in ITS using digital map and other accessory information},
  author={Yu, Meng},
  year={2006},
  publisher={The Hong Kong Polytechnic University}
}

@article{quddus2003general,
  title={A general map matching algorithm for transport telematics applications},
  author={Quddus, Mohammed A and Ochieng, Washington Yotto and Zhao, Lin and Noland, Robert B},
  journal={GPS solutions},
  volume={7},
  number={3},
  pages={157--167},
  year={2003},
  publisher={Springer-Verlag}
}

@inproceedings{greenfeld2002matching,
  title={Matching GPS observations to locations on a digital map},
  author={Greenfeld, Joshua S},
  booktitle={Transportation Research Board 81st Annual Meeting},
  year={2002}
}

@article{white2000some,
  title={Some map matching algorithms for personal navigation assistants},
  author={White, Christopher E and Bernstein, David and Kornhauser, Alain L},
  journal={Transportation Research Part C: Emerging Technologies},
  volume={8},
  number={1},
  pages={91--108},
  year={2000},
  publisher={Pergamon}
}

@article{quddus2007current,
  title={Current map-matching algorithms for transport applications: State-of-the art and future research directions},
  author={Quddus, Mohammed A and Ochieng, Washington Y and Noland, Robert B},
  journal={Transportation Research Part C: Emerging Technologies},
  volume={15},
  number={5},
  pages={312--328},
  year={2007},
  publisher={Pergamon}
}

@article{chowdhury2003fundamentals,
  title={Fundamentals of intelligent transportation systems planning},
  author={Chowdhury, Mashrur A and Sadek, Adel Wadid},
  year={2003},
  publisher={Artech House}
}

@article{ruppe2012augmenting,
  title={Augmenting the Floating Car Data Approach by Dynamic Indirect Traffic Detection},
  author={Ruppe, Sten and Junghans, Marek and Haberjahn, Mathias and Troppenz, Christian},
  journal={Procedia-Social and Behavioral Sciences},
  volume={48},
  pages={1525--1534},
  year={2012},
  publisher={Elsevier}
}

@inproceedings{fang2011enacq,
  title={EnAcq: energy-efficient GPS trajectory data acquisition based on improved map matching},
  author={Fang, Shunkai and Zimmermann, Roger},
  booktitle={Proceedings of the 19th ACM SIGSPATIAL International Conference on Advances in Geographic Information Systems},
  pages={221--230},
  year={2011},
  organization={ACM}
}

@inproceedings{thiagarajan2011accurate,
  title={Accurate, Low-Energy Trajectory Mapping for Mobile Devices.},
  author={Thiagarajan, Arvind and Ravindranath, Lenin and Balakrishnan, Hari and Madden, Samuel and Girod, Lewis and others}
}

@article{fraser2007use,
  title={The use of floating cellular telephone data For real-time transportation incident Management},
  author={Fraser, Scott},
  journal={McMaster University, Hamilton},
  year={2007}
}

@article{klein2006traffic,
  title={Traffic Detector Handbook: -Volume II},
  author={Klein, Lawrence A and Mills, Milton K and Gibson, David RP},
  year={2006}
}

@article{mimbela2003summary,
  title={Summary of vehicle detection and surveillance technologies used in intelligent transportation systems},
  author={Mimbela, Luz Elena Ya{\~n}ez and Klein, Lawrence A and Clearinghouse, Vehicle Detector},
  year={2003},
  publisher={Vehicle Detector Clearinghouse, Southwest Technology Development Institute, New Mexico State University}
}

@article{obe2011postgis,
  title={PostGIS in action},
  author={Obe, Regina and Hsu, Leo},
  year={2011},
  publisher={Manning Publications Co.}
}

@article{longley2005geographic,
  title={Geographic information systems and science},
  author={Longley, Paul},
  year={2005},
  publisher={John Wiley \& Sons}
}

@article{bolstad2005gis,
  title={GIS Fundamentals: A First Text on Geographic Information Systems.},
  author={Bolstad, Paul},
  year={2005},
  publisher={Eider Press}
}